A0000000019999911111000101916399999CLEARER COMM        CAD                                                                                                                                                                                                                                                                                                                                                                                                                                                                                                                                                                                                                                                                                                                                                                                                                                                                                                                                                                                                                                                                                                                                                                                                                                                                                                                                                                                                                                                              
C000000002999991111100014500000001000019163000188888122334455   0000999990001111110000000CUSTOMER SHORT Payee                         CUSTOMER LONG                           1234567890         00010555500998877665 Sundry info                            00000000000                                                                                                                                                                                                                                                                                                                                                                                                                                                                                                                                                                                                                                                                                                                                                                                                                                                                                                                                                                                                                                                                                                                                                                                                                                                
Z000000003999991111100010000000000000000000000000000000010000000000100000000000000000000000000000000000000000000                                                                                                                                                                                                                                                                                                                                                                                                                                                                                                                                                                                                                                                                                                                                                                                                                                                                                                                                                                                                                                                                                                                                                                                                                                                                                                                                                                                                        
